@ARTICLE{switzer_et_al2015,
   author = {{Switzer}, E.~R. and {Chang}, T.-C. and {Masui}, K.~W. and {Pen}, U.-L. and 
    {Voytek}, T.~C.},
    title = "{Interpreting the Unresolved Intensity of Cosmologically Redshifted Line Radiation}",
  journal = {\apj},
archivePrefix = "arXiv",
   eprint = {1504.07527},
 keywords = {diffuse radiation, large-scale structure of universe, methods: data analysis, methods: statistical},
     year = 2015,
    month = dec,
   volume = 815,
      eid = {51},
    pages = {51},
      doi = {10.1088/0004-637X/815/1/51},
   adsurl = {http://adsabs.harvard.edu/abs/2015ApJ...815...51S},
  adsnote = {Provided by the SAO/NASA Astrophysics Data System}
}

@ARTICLE{cheng_et_al_inprep,
   author = {{Cheng}, C. and {Parsons}, A.~R. and {Kolopanis}, M. and {Jacobs}, D. and
             {Liu}, A. and {Kohn}, S.~A. and {Aguirre}, J.~E. and {Pober}, J.~C. and
             {Ali}, Z.~S. and {Bernardi}, G. and {Bradley}, R.~F. and {Carilli}, C.~L. and
             {DeBoer}, D.~R. and {Dexter}, M.~R. and {Dillon}, J.~S. and {Klima}, P. and
             {MacMahon}, D.~H.~E. and {Moore}, D.~F. and {Nunhokee}, C.~D. and {Walbrugh}, W.~P.},
   title = "{Characterizing Signal Loss, Error, and Bias in the 21 cm Reionization Power Spectrum: A Revised Study of PAPER-64}",
   journal = {\apj},
   year = "2018",
   volume = "submitted"
}

@ARTICLE{pober_et_al2015,
   author = {{Pober}, J.~C. and {Ali}, Z.~S. and {Parsons}, A.~R. and {McQuinn}, M. and 
    {Aguirre}, J.~E. and {Bernardi}, G. and {Bradley}, R.~F. and 
    {Carilli}, C.~L. and {Cheng}, C. and {DeBoer}, D.~R. and {Dexter}, M.~R. and 
    {Furlanetto}, S.~R. and {Grobbelaar}, J. and {Horrell}, J. and 
    {Jacobs}, D.~C. and {Klima}, P.~J. and {Kohn}, S.~A. and {Liu}, A. and 
    {MacMahon}, D.~H.~E. and {Maree}, M. and {Mesinger}, A. and 
    {Moore}, D.~F. and {Razavi-Ghods}, N. and {Stefan}, I.~I. and 
    {Walbrugh}, W.~P. and {Walker}, A. and {Zheng}, H.},
    title = "{PAPER-64 Constraints On Reionization. II. The Temperature of the z =8.4 Intergalactic Medium}",
  journal = {\apj},
archivePrefix = "arXiv",
   eprint = {1503.00045},
 keywords = {dark ages, reionization, first stars, galaxies: high-redshift, intergalactic medium},
     year = 2015,
    month = aug,
   volume = 809,
      eid = {62},
    pages = {62},
      doi = {10.1088/0004-637X/809/1/62},
   adsurl = {http://adsabs.harvard.edu/abs/2015ApJ...809...62P},
  adsnote = {Provided by the SAO/NASA Astrophysics Data System}
}
